% Main source
@misc{scheidt2025ColorRefinement,
	title = {Color {{Refinement}} for {{Relational Structures}}},
	author = {Scheidt, Benjamin and Schweikardt, Nicole},
	year = {2025},
	month = jan,
	number = {arXiv:2407.16022},
	eprint = {2407.16022},
	primaryclass = {cs},
	publisher = {arXiv},
	doi = {10.48550/arXiv.2407.16022},
	urldate = {2025-04-14},
	archiveprefix = {arXiv},
	keywords = {Computer Science - Data Structures and Algorithms,Computer Science - Discrete Mathematics,Computer Science - Logic in Computer Science}
}
