@article{grohe2021color,
	title={Color refinement and its applications},
	author={Grohe, Martin and Kersting, Kristian and Mladenov, Martin and Schweitzer, Pascal},
	year={2021}
},

@article{scheidt2024color,
	title={Color Refinement for Relational Structures},
	author={Scheidt, Benjamin and Schweikardt, Nicole},
	journal={arXiv preprint arXiv:2407.16022},
	year={2024}
},
@article{dvovrak2010recognizing,
	title={On recognizing graphs by numbers of homomorphisms},
	author={Dvo{\v{r}}{\'a}k, Zden{\v{e}}k},
	journal={Journal of Graph Theory},
	volume={64},
	number={4},
	pages={330--342},
	year={2010},
	publisher={Wiley Online Library}
},
@article{cai1992optimal,
	title={An optimal lower bound on the number of variables for graph identification},
	author={Cai, Jin-Yi and F{\"u}rer, Martin and Immerman, Neil},
	journal={Combinatorica},
	volume={12},
	number={4},
	pages={389--410},
	year={1992},
	publisher={Springer}
}



 
